@inproceedings{myronenko20193d,
  title={3D MRI brain tumor segmentation using autoencoder regularization},
  author={Myronenko, Andriy},
  booktitle={Brainlesion: Glioma, Multiple Sclerosis, Stroke and Traumatic Brain Injuries: 4th International Workshop, BrainLes 2018, Held in Conjunction with MICCAI 2018, Granada, Spain, September 16, 2018, Revised Selected Papers, Part II 4},
  pages={311--320},
  year={2019},
  organization={Springer}
}

@inproceedings{ronneberger2015u,
  title={U-net: Convolutional networks for biomedical image segmentation},
  author={Ronneberger, Olaf and Fischer, Philipp and Brox, Thomas},
  booktitle={Medical image computing and computer-assisted intervention--MICCAI 2015: 18th international conference, Munich, Germany, October 5-9, 2015, proceedings, part III 18},
  pages={234--241},
  year={2015},
  organization={Springer}
}

@inproceedings{isotropic2017,
author = {Heinrich, Larissa and Bogovic, John and Saalfeld, Stephan},
year = {2017},
month = {09},
pages = {135-143},
title = {Deep Learning for Isotropic Super-Resolution from Non-isotropic 3D Electron Microscopy},
isbn = {978-3-319-66184-1},
doi = {10.1007/978-3-319-66185-8_16}
}

@inproceedings{cao2022swin,
  title={Swin-unet: Unet-like pure transformer for medical image segmentation},
  author={Cao, Hu and Wang, Yueyue and Chen, Joy and Jiang, Dongsheng and Zhang, Xiaopeng and Tian, Qi and Wang, Manning},
  booktitle={European conference on computer vision},
  pages={205--218},
  year={2022},
  organization={Springer}
}

@article{shamshad2023transformers,
  title={Transformers in medical imaging: A survey},
  author={Shamshad, Fahad and Khan, Salman and Zamir, Syed Waqas and Khan, Muhammad Haris and Hayat, Munawar and Khan, Fahad Shahbaz and Fu, Huazhu},
  journal={Medical Image Analysis},
  volume={88},
  pages={102802},
  year={2023},
  publisher={Elsevier}
}

@article{matsoukas2021time,
  title={Is it time to replace cnns with transformers for medical images?},
  author={Matsoukas, Christos and Haslum, Johan Fredin and S{\"o}derberg, Magnus and Smith, Kevin},
  journal={arXiv preprint arXiv:2108.09038},
  year={2021}
}

@article{li2023medshapenet,
  title={MedShapeNet--A large-scale dataset of 3D medical shapes for computer vision},
  author={Li, Jianning and Zhou, Zongwei and Yang, Jiancheng and Pepe, Antonio and Gsaxner, Christina and Luijten, Gijs and Qu, Chongyu and Zhang, Tiezheng and Chen, Xiaoxi and Li, Wenxuan and others},
  journal={arXiv preprint arXiv:2308.16139},
  year={2023}
}

@article{U-Mamba,
    title={U-Mamba: Enhancing Long-range Dependency for Biomedical Image Segmentation},
    author={Ma, Jun and Li, Feifei and Wang, Bo},
    journal={arXiv preprint arXiv:2401.04722},
    year={2024}
}

@article{gu2021efficiently,
  title={Efficiently modeling long sequences with structured state spaces},
  author={Gu, Albert and Goel, Karan and R{\'e}, Christopher},
  journal={arXiv preprint arXiv:2111.00396},
  year={2021}
}

@article{o2015introduction,
  title={An introduction to convolutional neural networks},
  author={O'Shea, K},
  journal={arXiv preprint arXiv:1511.08458},
  year={2015}
}

@inproceedings{roy2023mednext,
  title={Mednext: transformer-driven scaling of convnets for medical image segmentation},
  author={Roy, Saikat and Koehler, Gregor and Ulrich, Constantin and Baumgartner, Michael and Petersen, Jens and Isensee, Fabian and Jaeger, Paul F and Maier-Hein, Klaus H},
  booktitle={International Conference on Medical Image Computing and Computer-Assisted Intervention},
  pages={405--415},
  year={2023},
  organization={Springer}
}

@inproceedings{wang2020focalmix,
  title={Focalmix: Semi-supervised learning for 3d medical image detection},
  author={Wang, Dong and Zhang, Yuan and Zhang, Kexin and Wang, Liwei},
  booktitle={Proceedings of the IEEE/CVF Conference on Computer Vision and Pattern Recognition},
  pages={3951--3960},
  year={2020}
}

@article{meng2024few,
  title={Few-Shot Image Classification and Segmentation as Visual Question Answering Using Vision-Language Models},
  author={Meng, Tian and Tao, Yang and Lyu, Ruilin and Yin, Wuliang},
  journal={arXiv preprint arXiv:2403.10287},
  year={2024}
}

@article{jiang2024increasing,
  title={Increasing SAM Zero-Shot Performance on Multimodal Medical Images Using GPT-4 Generated Descriptive Prompts Without Human Annotation},
  author={Jiang, Zekun and Cheng, Dongjie and Qin, Ziyuan and Gao, Jun and Lao, Qicheng and Li, Kang and Zhang, Le},
  journal={arXiv preprint arXiv:2402.15759},
  year={2024}
}

@inproceedings{tan2019efficientnet,
  title={Efficientnet: Rethinking model scaling for convolutional neural networks},
  author={Tan, Mingxing and Le, Quoc},
  booktitle={International conference on machine learning},
  pages={6105--6114},
  year={2019},
  organization={PMLR}
}

@article{vanberlo2024survey,
  title={A survey of the impact of self-supervised pretraining for diagnostic tasks in medical X-ray, CT, MRI, and ultrasound},
  author={VanBerlo, Blake and Hoey, Jesse and Wong, Alexander},
  journal={BMC Medical Imaging},
  volume={24},
  number={1},
  pages={79},
  year={2024},
  publisher={Springer}
}

@article{zhang2023pre,
  title={Pre-training multi-task contrastive learning models for scientific literature understanding},
  author={Zhang, Yu and Cheng, Hao and Shen, Zhihong and Liu, Xiaodong and Wang, Ye-Yi and Gao, Jianfeng},
  journal={arXiv preprint arXiv:2305.14232},
  year={2023}
}